@article{mouse-dynamics,
 author = {Feher, Clint and Elovici, Yuval and Moskovitch, Robert and Rokach, Lior and Schclar, Alon},
 title = {User Identity Verification via Mouse Dynamics},
 journal = {Inf. Sci.},
 issue_date = {October, 2012},
 volume = {201},
 month = {10},
 year = {2012},
 issn = {0020-0255},
 pages = {19--36},
 url = {https://doi.org/10.1016/j.ins.2012.02.066},
 doi = {10.1016/j.ins.2012.02.066},
 publisher = {Elsevier Science Inc.},
 address = {New York, NY, USA}
} 

@inproceedings{mouse-features,
  title={A Behavioural Biometric System Based on Human Computer Interaction},
  author={Hugo Gamboa and Ana L. N. Fred},
  year={2004},
  volume={5404}
}


@misc{clarity,
  author = "Martin Schrodt",
  title = "Clarity",
  year = {2014},
  publisher = {GitHub},
  howpublished = {\url{https://github.com/skadistats/clarity}}
}

@misc{opendota,
  title = "The OpenDota Project",
  year = {2014},
  publisher = {GitHub},
  howpublished = {\url{https://github.com/odota}}
}

@article{starcraft-identification,
  author = {Siming Liu and Christopher Ballinger and Sushil J. Louis},
  title = "Player Identification from RTS Game Replays",
  year = {2013},
  journal = {28th International Conference on Computer and Their Applications},
  pages = "313-318"
}

@article{starcraft-actions,
  author = {Siming Liu and Christopher Ballinger and Sushil J. Louis},
  title = "Identifying Players and Predicting Actions from RTS Game Replays",
  year = {2014}
}

@article{dota-gao,
  author = {Lynn Gao and James Judd and Dave Wong and Jamie Lowder},
  title = "Classifying Dota 2 Hero Characters Based on Player Style and Performance",
  year = {2013},
  journal = {University of Utah Course on ML}
}

@inproceedings{dota-eggert,
  TITLE = {{Classification of Player Roles in the Team-Based Multi-player Game Dota 2}},
  AUTHOR = {Eggert, Christoph and Herrlich, Marc and Smeddinck, Jan and Malaka, Rainer},
  URL = {https://hal.inria.fr/hal-01758447},
  NOTE = {Part 1: Full papers},
  BOOKTITLE = {{14th International Conference on Entertainment Computing (ICEC)}},
  ADDRESS = {Trondheim, Norway},
  EDITOR = {Konstantinos Chorianopoulos and Monica Divitini and Jannicke Baalsrud Hauge and Letizia Jaccheri and Rainer Malaka},
  PUBLISHER = {{Springer International Publishing}},
  SERIES = {Entertainment Computing - ICEC 2015},
  VOLUME = {LNCS-9353},
  PAGES = {112-125},
  YEAR = {2015},
  MONTH = Sep,
  DOI = {10.1007/978-3-319-24589-8\_9},
  KEYWORDS = {multi-player games ; player roles ; classification},
  PDF = {https://hal.inria.fr/hal-01758447/file/371182_1_En_9_Chapter.pdf},
  HAL_ID = {hal-01758447},
  HAL_VERSION = {v1},
}

@article{dota-leadership,
author = {Nuangjumnong, Tinnawat and Mitomo, Hitoshi},
year = {2012},
month = {11},
pages = {},
title = {Leadership development through online gaming}
}

@article{dota-draft,
	author = {Adam Summerville and Michael Cook and Ben Steenhuisen},
	title = {Draft-Analysis of the Ancients: Predicting Draft Picks in DotA 2 using Machine Learning},
	conference = {AAAI Conference on Artificial Intelligence and Interactive Digital Entertainment},
	year = {2016},
	url = {https://aaai.org/ocs/index.php/AIIDE/AIIDE16/paper/view/14075}
}