@article{mouse-dynamics,
 author = {Feher, Clint and Elovici, Yuval and Moskovitch, Robert and Rokach, Lior and Schclar, Alon},
 title = {User Identity Verification via Mouse Dynamics},
 journal = {Inf. Sci.},
 issue_date = {October, 2012},
 volume = {201},
 month = {10},
 year = {2012},
 issn = {0020-0255},
 pages = {19--36},
 url = {https://doi.org/10.1016/j.ins.2012.02.066},
 doi = {10.1016/j.ins.2012.02.066},
 publisher = {Elsevier Science Inc.},
 address = {New York, NY, USA}
} 

@inproceedings{mouse-features,
  title={A Behavioural Biometric System Based on Human Computer Interaction},
  author={Hugo Gamboa and Ana L. N. Fred},
  year={2004},
  volume={5404}
}